@misc{Siegrist2019,
    author = {Jim Siegrist},
    howpublished = {private communication},
    year = {2019},
    month = sep
}

